{"leader":"01470nam^a22004451^^4500","fields":[{"001":"000000040"},{"005":"19880715000000.0"},{"006":"m^^^^^^^^d^^^^^^^^"},{"007":"cr^bn^---auaua"},{"008":"880715s1968^^^^nyuae^^^^b^^^|00100^eng^^"},{"010":{"ind1":" ","ind2":" ","subfields":[{"a":"68027371"}]}},{"035":{"ind1":" ","ind2":" ","subfields":[{"a":"(RLIN)MIUG0001728-B"}]}},{"035":{"ind1":" ","ind2":" ","subfields":[{"a":"(CaOTULAS)159818044"}]}},{"035":{"ind1":" ","ind2":" ","subfields":[{"a":"(OCoLC)ocm00001728"}]}},{"040":{"ind1":" ","ind2":" ","subfields":[{"a":"DLC"},{"c":"DLC"},{"d":"MiU"},{"d":"CStRLIN"},{"d":"MiU"}]}},{"050":{"ind1":"0","ind2":" ","subfields":[{"a":"N6350"},{"b":".P4 1968b"}]}},{"082":{"ind1":" ","ind2":" ","subfields":[{"a":"709.03"}]}},{"100":{"ind1":"1","ind2":" ","subfields":[{"a":"Pevsner, Nikolaus,"},{"d":"1902-1983."}]}},{"245":{"ind1":"1","ind2":"0","subfields":[{"a":"Studies in art, architecture, and design."}]}},{"260":{"ind1":" ","ind2":" ","subfields":[{"a":"New York,"},{"b":"Walker"},{"c":"[1968]"}]}},{"300":{"ind1":" ","ind2":" ","subfields":[{"a":"2 v."},{"b":"illus., plans."},{"c":"30 cm."}]}},{"504":{"ind1":" ","ind2":" ","subfields":[{"a":"Includes bibliographical references."}]}},{"505":{"ind1":"0","ind2":" ","subfields":[{"a":"v. 1. From mannerism to romanticism.--v. 2. Victorian and after."}]}},{"538":{"ind1":" ","ind2":" ","subfields":[{"a":"Mode of access: Internet."}]}},{"650":{"ind1":" ","ind2":"0","subfields":[{"a":"Art"},{"x":"History"}]}},{"852":{"ind1":"0","ind2":" ","subfields":[{"a":"MiU"},{"b":"BUHR"},{"c":"AAEL"},{"h":"N 5303 .P52 1968"}]}},{"852":{"ind1":"0","ind2":" ","subfields":[{"a":"MiU"},{"b":"AAEL"},{"c":"BKS"},{"h":"N 5303 .P52 1968"}]}},{"970":{"ind1":" ","ind2":" ","subfields":[{"a":"BK"},{"b":"Book"}]}},{"970":{"ind1":" ","ind2":" ","subfields":[{"a":"CE"},{"b":"Electronic Resource"}]}},{"971":{"ind1":" ","ind2":" ","subfields":[{"a":"MiU"}]}},{"972":{"ind1":" ","ind2":" ","subfields":[{"c":"20040625"}]}},{"972":{"ind1":" ","ind2":" ","subfields":[{"c":"20040625"}]}},{"973":{"ind1":" ","ind2":" ","subfields":[{"a":"HT"},{"b":"avail_ht"}]}},{"973":{"ind1":" ","ind2":" ","subfields":[{"a":"AC"},{"b":"avail_circ"}]}},{"974":{"ind1":" ","ind2":" ","subfields":[{"z":"v.1"},{"u":"mdp.39015005817484"},{"r":"ic"}]}},{"974":{"ind1":" ","ind2":" ","subfields":[{"z":"v.1"},{"u":"mdp.39015006324134"},{"r":"ic"}]}},{"974":{"ind1":" ","ind2":" ","subfields":[{"z":"v.2"},{"u":"mdp.39015006324142"},{"r":"ic"},{"d":"20090907"}]}},{"974":{"ind1":" ","ind2":" ","subfields":[{"z":"v.2"},{"u":"mdp.39015007230850"},{"r":"ic"},{"d":"20091119"}]}},{"998":{"ind1":" ","ind2":" ","subfields":[{"c":"GAC"},{"s":"9125"}]}},{"995":{"ind1":" ","ind2":" ","subfields":[{"a":"form"},{"b":"form character life trend modern merely self world romantic attitude nature expression element mean principle"},{"c":"761"}]}}]}
{"leader":"01593nam^a22004451^^4500","fields":[{"001":"000000212"},{"005":"20031119000000.0"},{"006":"m^^^^^^^^d^^^^^^^^"},{"007":"cr^bn^---auaua"},{"008":"880715s1969^^^^mauae^^^^bc^^|00100^eng^^"},{"010":{"ind1":" ","ind2":" ","subfields":[{"a":"79089648"}]}},{"035":{"ind1":" ","ind2":" ","subfields":[{"a":"(RLIN)MIUG0020036-B"}]}},{"035":{"ind1":" ","ind2":" ","subfields":[{"a":"(CaOTULAS)159818260"}]}},{"035":{"ind1":" ","ind2":" ","subfields":[{"a":"(OCoLC)ocm00020036"}]}},{"040":{"ind1":" ","ind2":" ","subfields":[{"a":"DLC"},{"c":"DLC"},{"d":"MiU"}]}},{"050":{"ind1":"0","ind2":" ","subfields":[{"a":"NA737.E4"},{"b":"Z3"}]}},{"082":{"ind1":" ","ind2":" ","subfields":[{"a":"720/.924"}]}},{"100":{"ind1":"1","ind2":" ","subfields":[{"a":"Zaitzevsky, Cynthia."}]}},{"245":{"ind1":"1","ind2":"4","subfields":[{"a":"The architecture of William Ralph Emerson, 1833-1917;"},{"b":"catalogue."},{"c":"Photography by Myron Miller."}]}},{"260":{"ind1":" ","ind2":" ","subfields":[{"a":"[Cambridge? Mass."},{"c":"1969]"}]}},{"300":{"ind1":" ","ind2":" ","subfields":[{"a":"100 p."},{"b":"illus., plans."},{"c":"26 cm."}]}},{"500":{"ind1":" ","ind2":" ","subfields":[{"a":"Catalog of an exhibition presented by the Fogg Art Museum in collaboration with the Carpenter Center for the Visual Arts, Harvard University, May 30-June 20, 1969."}]}},{"504":{"ind1":" ","ind2":" ","subfields":[{"a":"Includes bibliographical references."}]}},{"538":{"ind1":" ","ind2":" ","subfields":[{"a":"Mode of access: Internet."}]}},{"600":{"ind1":"1","ind2":"0","subfields":[{"a":"Emerson, William Ralph,"},{"d":"1833-1917."}]}},{"710":{"ind1":"2","ind2":" ","subfields":[{"a":"Fogg Art Museum."}]}},{"710":{"ind1":"2","ind2":" ","subfields":[{"a":"Carpenter Center for the Visual Arts."}]}},{"852":{"ind1":"0","ind2":" ","subfields":[{"a":"MiU"},{"b":"AAEL"},{"c":"STO"},{"h":"NA737.E53 Z22"}]}},{"852":{"ind1":"0","ind2":" ","subfields":[{"a":"MiU"},{"b":"AAEL"},{"c":"STO"},{"h":"NA 737 .E53 Z22"},{"x":"acq. Gift. 510-1086"}]}},{"970":{"ind1":" ","ind2":" ","subfields":[{"a":"BK"},{"b":"Book"}]}},{"970":{"ind1":" ","ind2":" ","subfields":[{"a":"CE"},{"b":"Electronic Resource"}]}},{"971":{"ind1":" ","ind2":" ","subfields":[{"a":"MiU"}]}},{"972":{"ind1":" ","ind2":" ","subfields":[{"c":"20040625"}]}},{"972":{"ind1":" ","ind2":" ","subfields":[{"c":"20040625"}]}},{"973":{"ind1":" ","ind2":" ","subfields":[{"a":"HT"},{"b":"avail_ht"}]}},{"973":{"ind1":" ","ind2":" ","subfields":[{"a":"AC"},{"b":"avail_circ"}]}},{"974":{"ind1":" ","ind2":" ","subfields":[{"u":"mdp.39015006349636"},{"r":"ic"}]}},{"974":{"ind1":" ","ind2":" ","subfields":[{"u":"mdp.39015013176907"},{"r":"ic"}]}},{"998":{"ind1":" ","ind2":" ","subfields":[{"s":"9665"}]}},{"995":{"ind1":" ","ind2":" ","subfields":[{"a":"architecture"},{"b":"roof front gable porch bay corner cornice entrance rear brick window chimney wing dormer door"},{"c":"474"}]}}]}
{"leader":"01426nam^a22003971^^4500","fields":[{"001":"000000250"},{"005":"20060630100341.0"},{"006":"m^^^^^^^^d^^^^^^^^"},{"007":"cr^bn^---auaua"},{"008":"880715s1969^^^^nyua^^^^^b^^^|00000^eng^^"},{"010":{"ind1":" ","ind2":" ","subfields":[{"a":"69015895"}]}},{"035":{"ind1":" ","ind2":" ","subfields":[{"a":"(RLIN)MIUG0023127-B"}]}},{"035":{"ind1":" ","ind2":" ","subfields":[{"a":"(CaOTULAS)159818301"}]}},{"035":{"ind1":" ","ind2":" ","subfields":[{"a":"(OCoLC)ocm00023127"}]}},{"040":{"ind1":" ","ind2":" ","subfields":[{"a":"DLC"},{"c":"DLC"},{"d":"MiU"}]}},{"050":{"ind1":"0","ind2":" ","subfields":[{"a":"ND1283"},{"b":".B47"}]}},{"082":{"ind1":" ","ind2":" ","subfields":[{"a":"751.4"}]}},{"100":{"ind1":"1","ind2":" ","subfields":[{"a":"Birren, Faber,"},{"d":"1900-1988."}]}},{"245":{"ind1":"1","ind2":"0","subfields":[{"a":"Principles of color;"},{"b":"a review of past traditions and modern theories of color harmony."}]}},{"260":{"ind1":" ","ind2":" ","subfields":[{"a":"New York,"},{"b":"Van Nostrand Reinhold Co."},{"c":"[1969]"}]}},{"300":{"ind1":" ","ind2":" ","subfields":[{"a":"96 p."},{"b":"illus. (part col.)"},{"c":"21 cm."}]}},{"504":{"ind1":" ","ind2":" ","subfields":[{"a":"Bibliography: p. 79-80."}]}},{"538":{"ind1":" ","ind2":" ","subfields":[{"a":"Mode of access: Internet."}]}},{"650":{"ind1":" ","ind2":"0","subfields":[{"a":"Color"}]}},{"852":{"ind1":"0","ind2":" ","subfields":[{"a":"MiU"},{"b":"AAEL"},{"c":"BKS"},{"h":"ND1283 .B62"}]}},{"970":{"ind1":" ","ind2":" ","subfields":[{"a":"BK"},{"b":"Book"}]}},{"970":{"ind1":" ","ind2":" ","subfields":[{"a":"CE"},{"b":"Electronic Resource"}]}},{"971":{"ind1":" ","ind2":" ","subfields":[{"a":"MiU"}]}},{"972":{"ind1":" ","ind2":" ","subfields":[{"c":"20040625"}]}},{"973":{"ind1":" ","ind2":" ","subfields":[{"a":"HT"},{"b":"avail_ht"}]}},{"973":{"ind1":" ","ind2":" ","subfields":[{"a":"AC"},{"b":"avail_circ"}]}},{"974":{"ind1":" ","ind2":" ","subfields":[{"u":"mdp.39015012235738"},{"r":"ic"}]}},{"998":{"ind1":" ","ind2":" ","subfields":[{"s":"9665"}]}},{"995":{"ind1":" ","ind2":" ","subfields":[{"a":"color"},{"b":"blue red green yellow brown white dark pink orange pale purple grey deep bright rose"},{"c":"282"}]}},{"995":{"ind1":" ","ind2":" ","subfields":[{"a":"color"},{"b":"color colored gray coloring colorful modeling colorist ocher favorite tan colorless ored modeled practiced centered"},{"c":"573"}]}},{"995":{"ind1":" ","ind2":" ","subfields":[{"a":"color"},{"b":"red yellow blue green hue hues light orange violet pigment contrast complementary eye intensity mixture"},{"c":"727"}]}}]}
{"leader":"01440nam^a22004451^^4500","fields":[{"001":"000000310"},{"005":"19981110000000.0"},{"006":"m^^^^^^^^d^^^^^^^^"},{"007":"cr^bn^---auaua"},{"008":"880715s1969^^^^gh^abe^^^b^^^|00000^eng^^"},{"010":{"ind1":" ","ind2":" ","subfields":[{"a":"75005747"}]}},{"020":{"ind1":" ","ind2":" ","subfields":[{"a":"0197138098"}]}},{"035":{"ind1":" ","ind2":" ","subfields":[{"a":"(RLIN)MIUG0030116-B"}]}},{"035":{"ind1":" ","ind2":" ","subfields":[{"a":"(CaOTULAS)159818386"}]}},{"035":{"ind1":" ","ind2":" ","subfields":[{"a":"(OCoLC)ocm00030116"}]}},{"040":{"ind1":" ","ind2":" ","subfields":[{"a":"DLC"},{"c":"DLC"},{"d":"MiU"}]}},{"050":{"ind1":"0","ind2":" ","subfields":[{"a":"NA6097.A8"},{"b":"S95"}]}},{"082":{"ind1":" ","ind2":" ","subfields":[{"a":"726/.1/96"}]}},{"100":{"ind1":"1","ind2":" ","subfields":[{"a":"Swithenbank, Michael."}]}},{"245":{"ind1":"1","ind2":"0","subfields":[{"a":"Ashanti fetish houses."}]}},{"260":{"ind1":" ","ind2":" ","subfields":[{"a":"Accra,"},{"b":"Ghana Universities Press,"},{"c":"1969."}]}},{"300":{"ind1":" ","ind2":" ","subfields":[{"a":"68 p."},{"b":"illus., map, plans."},{"c":"19 x 23 cm."}]}},{"504":{"ind1":" ","ind2":" ","subfields":[{"a":"Bibliography: p. 68."}]}},{"538":{"ind1":" ","ind2":" ","subfields":[{"a":"Mode of access: Internet."}]}},{"650":{"ind1":" ","ind2":"0","subfields":[{"a":"Temples"},{"z":"Ashanti."}]}},{"650":{"ind1":" ","ind2":"0","subfields":[{"a":"Fetishism"}]}},{"852":{"ind1":"0","ind2":" ","subfields":[{"a":"MiU"},{"b":"AAEL"},{"c":"BKS"},{"h":"NA 6097 .A8 S97"}]}},{"852":{"ind1":"0","ind2":" ","subfields":[{"a":"MiU"},{"b":"BUHR"},{"c":"GRAD"},{"h":"NA 6097 .A8 S97"}]}},{"970":{"ind1":" ","ind2":" ","subfields":[{"a":"BK"},{"b":"Book"}]}},{"970":{"ind1":" ","ind2":" ","subfields":[{"a":"CE"},{"b":"Electronic Resource"}]}},{"971":{"ind1":" ","ind2":" ","subfields":[{"a":"MiU"}]}},{"972":{"ind1":" ","ind2":" ","subfields":[{"c":"20040625"}]}},{"972":{"ind1":" ","ind2":" ","subfields":[{"c":"20040625"}]}},{"973":{"ind1":" ","ind2":" ","subfields":[{"a":"HT"},{"b":"avail_ht"}]}},{"973":{"ind1":" ","ind2":" ","subfields":[{"a":"AC"},{"b":"avail_circ"}]}},{"974":{"ind1":" ","ind2":" ","subfields":[{"u":"mdp.39015006744604"},{"r":"ic"},{"d":"20090621"}]}},{"974":{"ind1":" ","ind2":" ","subfields":[{"u":"mdp.39015023466272"},{"r":"ic"},{"d":"20090711"}]}},{"998":{"ind1":" ","ind2":" ","subfields":[{"s":"9665"}]}},{"995":{"ind1":" ","ind2":" ","subfields":[{"a":"entryways"},{"b":"entrance stair courtyard wall front door staircase corridor corner level court upper stairway balcony leading"},{"c":"44"}]}},{"995":{"ind1":" ","ind2":" ","subfields":[{"a":"figures"},{"b":"mask figure head spirit object cloth chief female power people male ancestor bead human region"},{"c":"411"}]}}]}
{"leader":"01597nam^a22004811^^4500","fields":[{"001":"000000338"},{"005":"19880715000000.0"},{"006":"m^^^^^^^^d^^^^^^^^"},{"007":"cr^bn^---auaua"},{"008":"880715s1969^^^^nyua^^^^^b^^^|00000^eng^^"},{"010":{"ind1":" ","ind2":" ","subfields":[{"a":"77084094//r71"}]}},{"035":{"ind1":" ","ind2":" ","subfields":[{"a":"(RLIN)MIUG0032478-B"}]}},{"035":{"ind1":" ","ind2":" ","subfields":[{"a":"(CaOTULAS)159818417"}]}},{"035":{"ind1":" ","ind2":" ","subfields":[{"a":"(OCoLC)ocm00032478"}]}},{"040":{"ind1":" ","ind2":" ","subfields":[{"a":"DLC"},{"c":"DLC"},{"d":"MiU"}]}},{"050":{"ind1":"0","ind2":" ","subfields":[{"a":"ND673.M35"},{"b":"S92"}]}},{"082":{"ind1":" ","ind2":" ","subfields":[{"a":"759.4"}]}},{"100":{"ind1":"1","ind2":" ","subfields":[{"a":"Sylvester, David."}]}},{"245":{"ind1":"0","ind2":"0","subfields":[{"a":"Magritte."}]}},{"260":{"ind1":" ","ind2":" ","subfields":[{"a":"New York,"},{"b":"Praeger"},{"c":"[1969]"}]}},{"300":{"ind1":" ","ind2":" ","subfields":[{"a":"126 p."},{"b":"illus. (part col.)"},{"c":"24 cm."}]}},{"500":{"ind1":" ","ind2":" ","subfields":[{"a":"\"Revised version ... of the catalogue of the retrospective exhibition presented by the Arts Council of Great Britain at the Tate Gallery, London, in the spring of 1969.\""}]}},{"504":{"ind1":" ","ind2":" ","subfields":[{"a":"Includes bibliographical references."}]}},{"538":{"ind1":" ","ind2":" ","subfields":[{"a":"Mode of access: Internet."}]}},{"600":{"ind1":"1","ind2":"0","subfields":[{"a":"Magritte, René,"},{"d":"1898-1967."}]}},{"710":{"ind1":"2","ind2":" ","subfields":[{"a":"Arts Council of Great Britain."}]}},{"710":{"ind1":"2","ind2":" ","subfields":[{"a":"Tate Gallery."}]}},{"852":{"ind1":"0","ind2":" ","subfields":[{"a":"MiU"},{"b":"UGL"},{"h":"ND673.M33 S99"}]}},{"852":{"ind1":"0","ind2":" ","subfields":[{"a":"MiU"},{"b":"AAEL"},{"c":"BKS"},{"h":"ND 673 .M33 S99"}]}},{"852":{"ind1":"0","ind2":" ","subfields":[{"a":"MiU"},{"b":"FINE"},{"h":"ND 673 .M33 S99"}]}},{"852":{"ind1":"0","ind2":" ","subfields":[{"a":"MiU"},{"b":"FINE"},{"h":"ND 673 .M33 S99"}]}},{"970":{"ind1":" ","ind2":" ","subfields":[{"a":"BK"},{"b":"Book"}]}},{"970":{"ind1":" ","ind2":" ","subfields":[{"a":"CE"},{"b":"Electronic Resource"}]}},{"971":{"ind1":" ","ind2":" ","subfields":[{"a":"MiU"}]}},{"972":{"ind1":" ","ind2":" ","subfields":[{"c":"20040625"}]}},{"972":{"ind1":" ","ind2":" ","subfields":[{"c":"20040625"}]}},{"972":{"ind1":" ","ind2":" ","subfields":[{"c":"20040625"}]}},{"972":{"ind1":" ","ind2":" ","subfields":[{"c":"20040809"}]}},{"973":{"ind1":" ","ind2":" ","subfields":[{"a":"HT"},{"b":"avail_ht"}]}},{"973":{"ind1":" ","ind2":" ","subfields":[{"a":"AC"},{"b":"avail_circ"}]}},{"974":{"ind1":" ","ind2":" ","subfields":[{"u":"mdp.39015009416986"},{"r":"ic"}]}},{"998":{"ind1":" ","ind2":" ","subfields":[{"s":"9665"}]}},{"995":{"ind1":" ","ind2":" ","subfields":[{"a":"collage"},{"b":"collage cardboard assemblage cut version newspaper bottle photograph mine mounted pasted gouache fragment readymade wooden"},{"c":"110"}]}}]}
{"leader":"01531nam^a22004331^^4500","fields":[{"001":"000000385"},{"005":"19880715000000.0"},{"006":"m^^^^^^^^d^^^^^^^^"},{"007":"cr^bn^---auaua"},{"008":"880715r1967^^^^enkaf^^^^^^^^|00000^eng^^"},{"010":{"ind1":" ","ind2":" ","subfields":[{"a":"70371182"}]}},{"015":{"ind1":" ","ind2":" ","subfields":[{"a":"B68-22096"}]}},{"035":{"ind1":" ","ind2":" ","subfields":[{"a":"(RLIN)MIUG0037351-B"}]}},{"035":{"ind1":" ","ind2":" ","subfields":[{"a":"(CaOTULAS)159818471"}]}},{"035":{"ind1":" ","ind2":" ","subfields":[{"a":"(OCoLC)ocm00037351"}]}},{"040":{"ind1":" ","ind2":" ","subfields":[{"a":"DLC"},{"c":"DLC"},{"d":"MiU"}]}},{"050":{"ind1":"0","ind2":" ","subfields":[{"a":"NK928"},{"b":".L57 1967"}]}},{"082":{"ind1":" ","ind2":" ","subfields":[{"a":"913.36"}]}},{"110":{"ind1":"2","ind2":" ","subfields":[{"a":"London Museum."}]}},{"245":{"ind1":"1","ind2":"0","subfields":[{"a":"Medieval catalogue."}]}},{"250":{"ind1":" ","ind2":" ","subfields":[{"a":"[1st ed., 4th impression]."}]}},{"260":{"ind1":" ","ind2":" ","subfields":[{"a":"London,"},{"b":"H.M.S.O.,"},{"c":"1975."}]}},{"300":{"ind1":" ","ind2":" ","subfields":[{"a":"319 p."},{"b":"99 plates, illus. (some col.)."},{"c":"26 cm."}]}},{"538":{"ind1":" ","ind2":" ","subfields":[{"a":"Mode of access: Internet."}]}},{"650":{"ind1":" ","ind2":"0","subfields":[{"a":"Decorative arts"},{"z":"England."}]}},{"650":{"ind1":" ","ind2":"0","subfields":[{"a":"Decorative arts, Medieval"},{"z":"England."}]}},{"650":{"ind1":" ","ind2":"0","subfields":[{"a":"Archaeology, Medieval"}]}},{"852":{"ind1":"0","ind2":" ","subfields":[{"a":"MiU"},{"b":"BUHR"},{"c":"GRAD"},{"h":"NK928 .L85 1975"}]}},{"970":{"ind1":" ","ind2":" ","subfields":[{"a":"BK"},{"b":"Book"}]}},{"970":{"ind1":" ","ind2":" ","subfields":[{"a":"CE"},{"b":"Electronic Resource"}]}},{"971":{"ind1":" ","ind2":" ","subfields":[{"a":"MiU"}]}},{"972":{"ind1":" ","ind2":" ","subfields":[{"c":"20040625"}]}},{"973":{"ind1":" ","ind2":" ","subfields":[{"a":"HT"},{"b":"avail_ht"}]}},{"973":{"ind1":" ","ind2":" ","subfields":[{"a":"AC"},{"b":"avail_circ"}]}},{"974":{"ind1":" ","ind2":" ","subfields":[{"u":"mdp.39015010558024"},{"r":"ic"}]}},{"998":{"ind1":" ","ind2":" ","subfields":[{"s":"9665"}]}},{"995":{"ind1":" ","ind2":" ","subfields":[{"a":"archaeology"},{"b":"vessel excavation type pottery fragment excavated grave burial archaeological evidence figurine period date fabric sherd"},{"c":"595"}]}},{"995":{"ind1":" ","ind2":" ","subfields":[{"a":"metalwork"},{"b":"gilt engraved diam oval chased ring head bezel handle hoop circular mount shaped ornament pierced"},{"c":"731"}]}},{"995":{"ind1":" ","ind2":" ","subfields":[{"a":"time periods"},{"b":"century centuries cen tury quarter beginning dating llth turies import ury l7th centur progenitor craftmanship"},{"c":"771"}]}}]}
{"leader":"01318nam^a22004331^^4500","fields":[{"001":"000000396"},{"005":"19880715000000.0"},{"006":"m^^^^^^^^d^^^^^^^^"},{"007":"cr^bn^---auaua"},{"008":"880715s1968^^^^enka^^^^^^^^^^00000^eng^^"},{"010":{"ind1":" ","ind2":" ","subfields":[{"a":"74366090"}]}},{"015":{"ind1":" ","ind2":" ","subfields":[{"a":"B68-24743"}]}},{"020":{"ind1":" ","ind2":" ","subfields":[{"a":"0289277884"},{"c":"25/-"}]}},{"035":{"ind1":" ","ind2":" ","subfields":[{"a":"(RLIN)MIUG0040363-B"}]}},{"035":{"ind1":" ","ind2":" ","subfields":[{"a":"(CaOTULAS)159818483"}]}},{"035":{"ind1":" ","ind2":" ","subfields":[{"a":"(OCoLC)ocm00040363"}]}},{"040":{"ind1":" ","ind2":" ","subfields":[{"a":"DLC"},{"c":"DLC"},{"d":"MiU"}]}},{"050":{"ind1":"0","ind2":" ","subfields":[{"a":"N6493 1920"},{"b":".H5"}]}},{"082":{"ind1":" ","ind2":" ","subfields":[{"a":"709.04/2"}]}},{"100":{"ind1":"1","ind2":" ","subfields":[{"a":"Hillier, Bevis,"},{"d":"1940-"}]}},{"245":{"ind1":"1","ind2":"0","subfields":[{"a":"Art Deco of the 20s and 30s."}]}},{"260":{"ind1":" ","ind2":" ","subfields":[{"a":"[London]"},{"b":"Studio Vista,"},{"c":"[1968]"}]}},{"300":{"ind1":" ","ind2":" ","subfields":[{"a":"168 p. (chiefly illus. (some col.))."},{"c":"19 cm."}]}},{"490":{"ind1":"0","ind2":" ","subfields":[{"a":"Studio Vista/Dutton pictureback"}]}},{"538":{"ind1":" ","ind2":" ","subfields":[{"a":"Mode of access: Internet."}]}},{"650":{"ind1":" ","ind2":"0","subfields":[{"a":"Art, Modern"},{"y":"20th century"}]}},{"650":{"ind1":" ","ind2":"0","subfields":[{"a":"Decorative arts"}]}},{"852":{"ind1":"0","ind2":" ","subfields":[{"a":"MiU"},{"b":"AAEL"},{"c":"BKS"},{"h":"N 6494 .A7 H65"}]}},{"852":{"ind1":"0","ind2":" ","subfields":[{"a":"MiU"},{"b":"AAEL"},{"c":"BKS"},{"h":"N 6494 .A7 H65"}]}},{"970":{"ind1":" ","ind2":" ","subfields":[{"a":"BK"},{"b":"Book"}]}},{"970":{"ind1":" ","ind2":" ","subfields":[{"a":"CE"},{"b":"Electronic Resource"}]}},{"971":{"ind1":" ","ind2":" ","subfields":[{"a":"MiU"}]}},{"972":{"ind1":" ","ind2":" ","subfields":[{"c":"20040625"}]}},{"972":{"ind1":" ","ind2":" ","subfields":[{"c":"20040625"}]}},{"973":{"ind1":" ","ind2":" ","subfields":[{"a":"HT"},{"b":"avail_ht"}]}},{"973":{"ind1":" ","ind2":" ","subfields":[{"a":"AC"},{"b":"avail_circ"}]}},{"974":{"ind1":" ","ind2":" ","subfields":[{"u":"mdp.39015033751887"},{"r":"ic"}]}},{"998":{"ind1":" ","ind2":" ","subfields":[{"c":"GAC"},{"s":"9125"}]}},{"995":{"ind1":" ","ind2":" ","subfields":[{"a":"eras"},{"b":"time sixties thirties twenties fifties decade seventies forties eighties own world generation late period example"},{"c":"287"}]}}]}
{"leader":"01921nam^a22004931^^4500","fields":[{"001":"000000499"},{"005":"19880715000000.0"},{"006":"m^^^^^^^^d^^^^^^^^"},{"007":"cr^bn^---auaua"},{"008":"880715s1969^^^^nyuabe^^^b^^^^00110^eng^^"},{"010":{"ind1":" ","ind2":" ","subfields":[{"a":"69015754"}]}},{"035":{"ind1":" ","ind2":" ","subfields":[{"a":"(RLIN)MIUG0051006-B"}]}},{"035":{"ind1":" ","ind2":" ","subfields":[{"a":"(CaOTULAS)159818600"}]}},{"035":{"ind1":" ","ind2":" ","subfields":[{"a":"(OCoLC)ocm00051006"}]}},{"040":{"ind1":" ","ind2":" ","subfields":[{"a":"DLC"},{"c":"DLC"},{"d":"MiU"}]}},{"050":{"ind1":"0","ind2":" ","subfields":[{"a":"NA275"},{"b":".S3 1969"}]}},{"082":{"ind1":" ","ind2":" ","subfields":[{"a":"726.1/2/08"}]}},{"100":{"ind1":"1","ind2":" ","subfields":[{"a":"Scully, Vincent Joseph,"},{"d":"1920-"}]}},{"245":{"ind1":"1","ind2":"4","subfields":[{"a":"The earth, the temple, and the gods;"},{"b":"Greek sacred architecture"},{"c":"[by] Vincent Scully."}]}},{"250":{"ind1":" ","ind2":" ","subfields":[{"a":"Rev. ed."}]}},{"260":{"ind1":" ","ind2":" ","subfields":[{"a":"New York,"},{"b":"Praeger"},{"c":"[1969]"}]}},{"300":{"ind1":" ","ind2":" ","subfields":[{"a":"xxxii, 271, [192] p."},{"b":"illus., maps, plans."},{"c":"26 cm."}]}},{"500":{"ind1":" ","ind2":" ","subfields":[{"a":"\"Illustrations\": p. [1]-[192] (3d group)"}]}},{"504":{"ind1":" ","ind2":" ","subfields":[{"a":"Bibliographical references included in \"Notes\" (p. 227-251)"}]}},{"538":{"ind1":" ","ind2":" ","subfields":[{"a":"Mode of access: Internet."}]}},{"650":{"ind1":" ","ind2":"0","subfields":[{"a":"Architecture, Greek"}]}},{"650":{"ind1":" ","ind2":"0","subfields":[{"a":"Temples, Greek"}]}},{"650":{"ind1":" ","ind2":"0","subfields":[{"a":"Mythology, Greek"}]}},{"852":{"ind1":"0","ind2":" ","subfields":[{"a":"MiU"},{"b":"AAEL"},{"c":"BKS"},{"h":"NA275 .S44 1969"}]}},{"852":{"ind1":"0","ind2":" ","subfields":[{"a":"MiU"},{"b":"HATCH"},{"c":"GRAD"},{"h":"NA 275 .S44 1969"}]}},{"970":{"ind1":" ","ind2":" ","subfields":[{"a":"BK"},{"b":"Book"}]}},{"970":{"ind1":" ","ind2":" ","subfields":[{"a":"CE"},{"b":"Electronic Resource"}]}},{"971":{"ind1":" ","ind2":" ","subfields":[{"a":"MiU"}]}},{"972":{"ind1":" ","ind2":" ","subfields":[{"c":"20040625"}]}},{"972":{"ind1":" ","ind2":" ","subfields":[{"c":"20040625"}]}},{"973":{"ind1":" ","ind2":" ","subfields":[{"a":"HT"},{"b":"avail_ht"}]}},{"973":{"ind1":" ","ind2":" ","subfields":[{"a":"AC"},{"b":"avail_circ"}]}},{"974":{"ind1":" ","ind2":" ","subfields":[{"u":"mdp.39015004888684"},{"r":"ic"},{"d":"20090702"}]}},{"974":{"ind1":" ","ind2":" ","subfields":[{"u":"mdp.39015006345766"},{"r":"ic"},{"d":"20091105"}]}},{"998":{"ind1":" ","ind2":" ","subfields":[{"s":"9665"}]}},{"995":{"ind1":" ","ind2":" ","subfields":[{"a":"deities"},{"b":"god ancient goddess sacred cult ritual power sun legend priest myth king animal sacrifice worship"},{"c":"417"}]}},{"995":{"ind1":" ","ind2":" ","subfields":[{"a":"nature"},{"b":"mountain river valley mile rock road lake stream bank near slope plain peak beyond cliff"},{"c":"618"}]}},{"995":{"ind1":" ","ind2":" ","subfields":[{"a":"ancient architecture"},{"b":"temple wall tomb pyramid court palace chamber colonnade capital sanctuary built plan cella stone architecture"},{"c":"683"}]}},{"995":{"ind1":" ","ind2":" ","subfields":[{"a":"space"},{"b":"effect space colorplate heavy weight contrast strong powerful power detail force entire structural solid massive"},{"c":"776"}]}}]}
{"leader":"01692nam^a22004931^^4500","fields":[{"001":"000000719"},{"005":"20010330000000.0"},{"006":"m^^^^^^^^d^^^^^^^^"},{"007":"cr^bn^---auaua"},{"008":"880715s1969^^^^nyuac^^^^^^^^|00100^eng^^"},{"010":{"ind1":" ","ind2":" ","subfields":[{"a":"78093950"}]}},{"020":{"ind1":" ","ind2":" ","subfields":[{"a":"0876631065"},{"c":"10.00"}]}},{"035":{"ind1":" ","ind2":" ","subfields":[{"a":"(RLIN)MIUG0063058-B"}]}},{"035":{"ind1":" ","ind2":" ","subfields":[{"a":"(CaOTULAS)159818857"}]}},{"035":{"ind1":" ","ind2":" ","subfields":[{"a":"(OCoLC)ocm00063058"}]}},{"040":{"ind1":" ","ind2":" ","subfields":[{"a":"DLC"},{"c":"DLC"},{"d":"MiU"}]}},{"041":{"ind1":"1","ind2":" ","subfields":[{"a":"engita"}]}},{"050":{"ind1":"0","ind2":" ","subfields":[{"a":"NX210"},{"b":".D6"}]}},{"100":{"ind1":"1","ind2":" ","subfields":[{"a":"Dorfles, Gillo,"},{"d":"1910-"}]}},{"240":{"ind1":"0","ind2":"3","subfields":[{"a":"Il Kitsch."},{"l":"English"}]}},{"245":{"ind1":"0","ind2":"0","subfields":[{"a":"Kitsch; the world of bad taste."},{"c":"With special contributions by John McHale [and others] and essays by Clement Greenberg and Hermann Broch. [Editorial assistance on the English-language ed. by Vivienne Menkes."}]}},{"260":{"ind1":" ","ind2":" ","subfields":[{"a":"[New York]"},{"b":"Universe Books"},{"c":"[1969]"}]}},{"300":{"ind1":" ","ind2":" ","subfields":[{"a":"313 p."},{"b":"illus. (part col.), ports. (part col.)"},{"c":"25 cm."}]}},{"500":{"ind1":" ","ind2":" ","subfields":[{"a":"Translation of Il Kitsch."}]}},{"504":{"ind1":" ","ind2":" ","subfields":[{"a":"Includes bibliography."}]}},{"538":{"ind1":" ","ind2":" ","subfields":[{"a":"Mode of access: Internet."}]}},{"650":{"ind1":" ","ind2":"0","subfields":[{"a":"Kitsch"}]}},{"700":{"ind1":"1","ind2":" ","subfields":[{"a":"McHale, John."}]}},{"852":{"ind1":"0","ind2":" ","subfields":[{"a":"MiU"},{"b":"FINE"},{"h":"NX 600 .K5 D693 1969"}]}},{"852":{"ind1":"0","ind2":" ","subfields":[{"a":"MiU"},{"b":"AAEL"},{"c":"BKS"},{"h":"NX 600 .K5 D693 1969"}]}},{"852":{"ind1":"0","ind2":" ","subfields":[{"a":"MiU"},{"b":"HATCH"},{"c":"GRAD"},{"h":"NX 600 .K5 D693 1969"}]}},{"852":{"ind1":"0","ind2":" ","subfields":[{"a":"MiU"},{"b":"FINE"},{"h":"NX 600 .K5 D693 1969"},{"x":"Gift"}]}},{"970":{"ind1":" ","ind2":" ","subfields":[{"a":"BK"},{"b":"Book"}]}},{"970":{"ind1":" ","ind2":" ","subfields":[{"a":"CE"},{"b":"Electronic Resource"}]}},{"971":{"ind1":" ","ind2":" ","subfields":[{"a":"MiU"}]}},{"972":{"ind1":" ","ind2":" ","subfields":[{"c":"20040625"}]}},{"972":{"ind1":" ","ind2":" ","subfields":[{"c":"20040625"}]}},{"972":{"ind1":" ","ind2":" ","subfields":[{"c":"20040625"}]}},{"972":{"ind1":" ","ind2":" ","subfields":[{"c":"20040625"}]}},{"973":{"ind1":" ","ind2":" ","subfields":[{"a":"HT"},{"b":"avail_ht"}]}},{"973":{"ind1":" ","ind2":" ","subfields":[{"a":"AC"},{"b":"avail_circ"}]}},{"974":{"ind1":" ","ind2":" ","subfields":[{"u":"mdp.39015012241918"},{"r":"ic"}]}},{"998":{"ind1":" ","ind2":" ","subfields":[{"s":"9665"}]}},{"995":{"ind1":" ","ind2":" ","subfields":[{"a":"mythology"},{"b":"myth reality own language anti sense condition situation history context past attempt kitsch truth contradiction"},{"c":"200"}]}}]}
